<?xml version="1.0" encoding="UTF-8"?><collection xmlns="http://www.loc.gov/MARC21/slim"><record><leader>00375nam--2200145-i-4500</leader><controlfield tag="001">000042374</controlfield><controlfield tag="002">20161230</controlfield><controlfield tag="005">20170306190052</controlfield><controlfield tag="008">060222s1000------------r-----000-0-eng-d</controlfield><datafield ind1=" " ind2=" " tag="245"><subfield code="a">Space research and technology</subfield></datafield><datafield ind1=" " ind2=" " tag="260"><subfield code="a">New York</subfield><subfield code="b">Gordon &amp; Breach Sci.Publ</subfield><subfield code="c">1962</subfield></datafield><datafield ind1=" " ind2=" " tag="300"><subfield code="a">VIII + 216 p</subfield></datafield><datafield ind1=" " ind2=" " tag="700"><subfield code="a">Thompson, G. V. E</subfield></datafield><datafield ind1=" " ind2=" " tag="852"><subfield code="a">19022</subfield></datafield><datafield ind1=" " ind2=" " tag="CAT"><subfield code="a">SYS</subfield><subfield code="c">20170306</subfield><subfield code="h">190052</subfield></datafield></record></collection>